<?xml version="1.0" encoding="UTF-8"?><collection xmlns="http://www.loc.gov/MARC21/slim"><record><leader>00454nam--2200157-i-4500</leader><controlfield tag="001">000004829</controlfield><controlfield tag="002">20161230</controlfield><controlfield tag="005">20170128145922</controlfield><controlfield tag="008">060222s1000------------r-----000-0-eng-d</controlfield><datafield ind1=" " ind2=" " tag="100"><subfield code="a">Breccia A</subfield></datafield><datafield ind1=" " ind2=" " tag="245"><subfield code="a">Studi con traccianti isotopici sulla biosintesi in vitro della emoglobina</subfield></datafield><datafield ind1=" " ind2=" " tag="260"><subfield code="a">Milano,,</subfield><subfield code="b">Instituto Di Fisica Sperimentale Del Politecnica</subfield><subfield code="c">1959</subfield></datafield><datafield ind1=" " ind2=" " tag="300"><subfield code="a">10 p</subfield></datafield><datafield ind1=" " ind2=" " tag="700"><subfield code="a">Giustina, G</subfield></datafield><datafield ind1=" " ind2=" " tag="852"><subfield code="a">6506</subfield></datafield><datafield ind1=" " ind2=" " tag="CAT"><subfield code="a">SYS</subfield><subfield code="c">20170128</subfield><subfield code="h">145922</subfield></datafield></record></collection>